@article{hpa1982,
  author = {G. Binning, H. Rohrer},
  title = {Scanning tunneling microscopy},
  journal = {Helvetica Physica Acta},
  volume = {55},
  year = {1982},
  pages = {726 -- 735}
}

@unpublished{versuchsanleitung,
  author = {Freie Universit√§t Berlin},
  title = {Ba 10: Rastertunnelmikroskopie},
  note = {Versuchsanleitung},
  year = {2014}
}
